@Article{Begley2012,
  Author         = "G. Begley and L. Ellis",
  Title          = "Drug development: Raise standards for preclinical cancer research",
  Journal        = "Nature",
  Volume         = 438,
  Pages          = "531-533",
  Year           = 2012,
}
